@article{halc,
	title={A new scheme for practical flexible and intelligent
	vision systems},
	author={N. Otsu and T. Kurita},
	journal={” Proc. of IAPR Workshop on Computer Vision},
	year={1988},
	publisher={IAPR}
}

@article{207-212,
	title={Summed-area tables for texture mapping},
	author={C. Franklin},
	journal={Proceedings of the 11th annual conference on Computer graphics and
	interactive techniques},
	year={1984}
}

@article{7348442,
	title={Method of Retrieving Multi-Scale Objects from
	Optical Colonoscopy Images based on ImageRecognition Techniques},
	author={Hirokazu Nosato, Hidenori Sakanashi, Eiichi Takahashi and Masahiro Murakawa},
	journal={IEEE Xplore},
	year={2015},
	publisher={IEEE}
}

@article{25-36,
	title={An image inpainting technique based on the fast marching
	method},
	author={A. Telea},
	journal={Journal of Graphics Tools},
	year={2004}
}

@article{0779,
	title={Identification of precancerous lesions by multispectral
	gastroendoscopy},
	author={Sergio E. Martinez-Herrera, Yannick Benezeth, Matthieu Boffety, Jean-François Emile, Franck Marzani, Dominique Lamarque, François Goudail1},
	journal={SIViP},
	year={2015}
}

@article{yadif,
	title={ On the effects
	of de-interlacing on the classification accuracy of interlaced endoscopic videos with indication for celiac disease},
	author={Hegenbart, S., Uhl, A., Wimmer, G., Vecsei, A},
	journal={IEEE},
	year={2013}
}

@article{CLAHE,
	title={Contrast limited adaptive histograph equalization},
	author={ Zuiderveld, K.},
	journal={ Graphic Gems IV},
	year={1994}
}

@article{237–252,
	title={Hierarchical	model-based motion estimation},
	author={Bergen, J., Anandan, P., Hanna, K., Hingorani, R.},
	journal={Computer Science},
	year={1992}
}

@article{20080465,
	title={TOWARDS AUTOMATED DIAGNOSIS OF
	CELIAC DISEASE BY COMPUTER-ASSISTED
	CLASSIFICATION OF DUODENAL IMAGERY},
	author={A. V´ecsei1
	, T. Fuhrmann2
	, and A. Uhl2},
	journal={International Conference on Advances in Medical, Signal and Information Processing},
	year={2008}
}

@article{786–804,
	title={Statistical and structural approaches
	to texture.},
	author={R. M. Haralick.},
	journal={Proceedings of the IEEE},
	year={1979}
}

@article{CH,
	title={Object recognition with color
	cooccurrence histogram. },
	author={P. Chang and J. Krumm.},
	journal={Proceedings of CVPR },
	year={1999}
}

@article{wavelet,
	title={Adapted wavelet analysis from
	theory to software},
	author={M.V. Wickerhauser.},
	journal={Wellesley},
	year={1994}
}

@article{2212440,
	title={Invariant Gabor Texture Descriptors for Classification of Gastroenterology Images},
	author={Farhan Riaz; Francisco Baldaque Silva; Mario Dinis Ribeiro; Miguel Tavares Coimbra},
	journal={IEEE Xplore},
	year={2021}
}

@article{5649638,
	title={Tumor CE image classification using SVM-based feature selection},
	author={Baopu Li; Max Q.-H. Meng},
	journal={IEEE Xplore},
	year={2010}
}

@article{5354726,
	title={Small Bowel Tumor Detection for Wireless Capsule Endoscopy
	Images Using Textural Features and Support Vector Machine},
	author={Baopu Li; Max Q.-H. Meng},
	journal={IEEE Xplore},
	year={2009}
}

@article{5354726,
	title={Texture analysis for ulcer detection in capsule endoscopy images},
	author={Baopu Li; Max Q.-H. Meng},
	journal={Elsevier},
	year={2009}
}

@article{10044-008-0136-8,
	title={Feature extraction from multi-directional multi-resolution image
	transformations for the classification of zoom-endoscopy images},
	author={Michael Hafner, Roland Kwitt, Andreas Uhl, Alfred Gangl, Friedrich Wrba, Andreas Ve´csei},
	journal={Elsevier},
	year={2009}
}

@article{159–164,
	title={Feature extraction from multi-directional multi-resolution image
	transformations for the classification of zoom-endoscopy images},
	author={Ha¨fner M, Brunauer L, Payer H, Resch R, Wrba F, Gangl A,
	Ve´csei A, Uhl A},
	journal={IEEE International Symposium on
	Computer-Based Medical Systems},
	year={2007}
}

@article{99–104,
	title={Texture features for browsing
	and retrieval of image data. },
	author={Manjunath BS and Ma WY},
	journal={ IEEE Trans Pattern Anal Mach Intell},
	year={1996}
}

@article{dt-cwt,
	title={The dual-tree complex wavelet transform: a
	new technique for shift-invariance and directional filters.},
	author={Kingsbury N},
	journal={Proceedings of the 8th IEEE DSP Workshop},
	year={1998}
}

@article{1336–1342,
	title={Texture analysis for ulcer detection in capsule endoscopy
	images},
	author={B. Li, M.Q.-H. Meng},
	journal={Image and Vision Computing 27},
	year={2009}
}

@article{1336–1342,
	title={High-order graph matching kernel for early carcinoma
	EUS image classification},
	author={Zhihong Zhang, Lu Bai, Peng Ren, Edwin R. Hancock4},
	journal={Multimed Tools},
	year={2015}
}

@article{sift,
	title={ Distinctive image features from scale-invariant key points},
	author={Zhihong Zhang, Lu Bai, Peng Ren, Edwin R. Hancock4},
	journal={Int J Comput Vis},
	year={2008}
}

@article{1793-8163,
	title={Texture Color Fusion Based Features Extraction for
	Endoscopic Gastritis Images Classification},
	author={Zuriani Sobri and Harsa Amylia Mat Sakim },
	journal={International Journal of Computer and Electrical Engineering},
	year={2012}
}

@article{610-620,
	title={Textural Features for
	Image Classification},
	author={R. M. Haralick, K. Shanmugam},
	journal={IEEE Trans. On Systems, Man and
	Cybernatics},
	year={1973}
}

@article{11769,
	title={Introducing Space and Time in Local Feature-Based Endomicroscopic Image Retrieval},
	author={Barbara André, Tom Vercauteren, Aymeric Perchant, Anna M. Buchner, Michael B. Wallace & Nicholas Ayache },
	journal={MICCAI International Workshop on Medical Content-Based Retrieval for Clinical Decision Support},
	year={2009}
}

@article{4650282,
	title={Bleeding Detection from Capsule Endoscopy Videos},
	author={Balathasan Giritharan, Xiaohui Yuan, Jianguo Liu, Bill Buckles, JungHwan Oh, Shou Jiang Tang},
	journal={30th Annual International IEEE EMBS Conference},
	year={2008}
}

@article{703–715,
	title={Circuits and Systems for Video
	Technology},
	author={Balathasan Giritharan, Xiaohui Yuan, Jianguo Liu, Bill Buckles, JungHwan Oh, Shou Jiang Tang},
	journal={IEEE Transactions},
	year={2001}
}

@article{703–715,
	title={A shallow extraction of texture features for classification of abnormal video
	endoscopy frames},
	author={Hussam Ali, Muhammad Sharif , Mussarat Yasmin , Mubashir Husain Rehmani},
	journal={Biomedical Signal Processing and Control},
	year={2022}
}

@article{103733,
	title={A shallow extraction of texture features for classification of abnormal video
	endoscopy frames},
	author={Hussam Ali, Muhammad Sharif , Mussarat Yasmin , Mubashir Husain Rehmani},
	journal={Biomedical Signal Processing and Control},
	year={2022}
}

@article{5212217,
	title={ABNORMAL REGION DETECTION IN GASTROSCOPIC IMAGES BY
	COMBINING CLASSIFIERS ON NEIGHBORING PATCHES},
	author={SU ZHANG
	, WEI YANG
	, YI-LUN WU
	, RUI YAO
	, SHI-DAN CHENG},
	journal={Proceedings of the Eighth International Conference on Machine Learning and Cybernetics},
	year={2009}
}

@article{GentleBoost,
	title={Additive
	logistic regression: A statistical view of boosting},
	author={J. Friedman, T. Hastie, and R. Tibshirani},
	journal={Annals of Statistics},
	year={2000}
}

@article{LBP,
	title={Research and Perspective on Local Binary Pattern},
	author={Zidonghua Xuebao, Acta Automatica Sinica},
	journal={Elsevier},
	year={2013}
}